<?xml version="1.0"?>
<marc:records xmlns:marc="http://www.loc.gov/MARC21/slim" xmlns:xsi="http://www.w3.org/2001/XMLSchema-instance" xsi:schemaLocation="http://www.loc.gov/MARC21/slim http://www.loc.gov/standards/marcxml/schema/MARC21slim.xsd">
  <marc:record>
    <marc:leader>04527ntm a2200541Ia 4500</marc:leader>
    <marc:controlfield tag="001">9977524331603681</marc:controlfield>
    <marc:controlfield tag="005">20190521150908.0</marc:controlfield>
    <marc:controlfield tag="008">190516s1753    it a          000 0 heb d</marc:controlfield>
    <marc:datafield ind1=" " ind2=" " tag="035">
  <marc:subfield code="a">(OCoLC)1101426580</marc:subfield>
</marc:datafield>
    <marc:datafield ind1=" " ind2=" " tag="035">
  <marc:subfield code="a">(OCoLC)on1101426580</marc:subfield>
</marc:datafield>
    <marc:datafield ind1=" " ind2=" " tag="040">
  <marc:subfield code="a">PAU</marc:subfield>
  <marc:subfield code="b">eng</marc:subfield>
  <marc:subfield code="c">PAU</marc:subfield>
  <marc:subfield code="e">amremm</marc:subfield>
  <marc:subfield code="d">PAU</marc:subfield>
</marc:datafield>
    <marc:datafield ind1=" " ind2="9" tag="099">
  <marc:subfield code="a">CAJS Rar Ms 496</marc:subfield>
</marc:datafield>
    <marc:datafield ind1="1" ind2=" " tag="100">
  <marc:subfield code="6">880-01</marc:subfield>
  <marc:subfield code="a">Levi, Yosef,</marc:subfield>
  <marc:subfield code="d">18th century.</marc:subfield>
</marc:datafield>
    <marc:datafield ind1="1" ind2="0" tag="245">
  <marc:subfield code="6">880-02</marc:subfield>
  <marc:subfield code="a">[Piyut&#x323;im leha-shanah].</marc:subfield>
</marc:datafield>
    <marc:datafield ind1=" " ind2=" " tag="260">
  <marc:subfield code="6">880-03</marc:subfield>
  <marc:subfield code="a">[Italy],</marc:subfield>
  <marc:subfield code="c">[1753]</marc:subfield>
</marc:datafield>
    <marc:datafield ind1=" " ind2=" " tag="300">
  <marc:subfield code="a">22 leaves :</marc:subfield>
  <marc:subfield code="b">paper ;</marc:subfield>
  <marc:subfield code="c">205 x 155 (162 x 113) mm.</marc:subfield>
</marc:datafield>
    <marc:datafield ind1=" " ind2=" " tag="500">
  <marc:subfield code="a">Ms. codex.</marc:subfield>
</marc:datafield>
    <marc:datafield ind1=" " ind2=" " tag="500">
  <marc:subfield code="a">Title supplied by cataloger.</marc:subfield>
</marc:datafield>
    <marc:datafield ind1=" " ind2=" " tag="500">
  <marc:subfield code="a">Collation: Paper, 22; 1&#xB2;&#xB2;; modern foliation in pencil, lower left recto, 1-22.</marc:subfield>
</marc:datafield>
    <marc:datafield ind1=" " ind2=" " tag="500">
  <marc:subfield code="a">Layout: Written in 8 unruled lines; quarto format.</marc:subfield>
</marc:datafield>
    <marc:datafield ind1=" " ind2=" " tag="500">
  <marc:subfield code="a">Script:  Written in a heavy Italian square script; red ink vocalization in most of the text.</marc:subfield>
</marc:datafield>
    <marc:datafield ind1=" " ind2=" " tag="500">
  <marc:subfield code="a">Decoration: Swirls and loops at the end of many lines for the second section (f. 12r-21v); red and black swirls and flowers after the colophon (f. 21v).</marc:subfield>
</marc:datafield>
    <marc:datafield ind1=" " ind2=" " tag="500">
  <marc:subfield code="a">Origin:  Written in northern Italy (based on the script and the minhag), likely in Casale Monferrato (home of the rabbinic Levi family), by Yosef Levi, and finished on the fifth day of Parashat Ha&#x2BC;azinu 5514 (6 Tishre, or Thursday 4 October 1753, f. 21v.)</marc:subfield>
</marc:datafield>
    <marc:datafield ind1=" " ind2=" " tag="500">
  <marc:subfield code="a">Disbound. Written with an extremely acidic ink, and the paper has broken in many places as a result of oxidation.</marc:subfield>
</marc:datafield>
    <marc:datafield ind1="0" ind2=" " tag="505">
  <marc:subfield code="6">880-04</marc:subfield>
  <marc:subfield code="a">1. f. 1r-11r: [Yehi ratson lifne hah&#x323;zarat sefer Torah le-Shabat v&#x323;e-Yom ha-Kipurim] -- 2. f. 12r-21v: [Piyut&#x323;] lel S&#x301;[imh&#x323;at] T[orah].</marc:subfield>
</marc:datafield>
    <marc:datafield ind1=" " ind2=" " tag="506">
  <marc:subfield code="a">Access to this item is subject to staff review.</marc:subfield>
</marc:datafield>
    <marc:datafield ind1=" " ind2=" " tag="520">
  <marc:subfield code="a">This is a manuscript of liturgical portions and a piyut written in a large script for use during special occasions, likely in the synagogue. It is incomplete, and only the final quire remains; it originally may have been a large quarto-format manuscript. It opens in the middle of the prayer for the local authorities, in this case a kingdom, recited immediately before Musaf, and it continues into the liturgy for Yom Kippur prayers all meant to be recited before the Torah is returned to the ark. This is followed by the Thirteen Attributes of Mercy, with specific instruction to recite the Attributes with fervor (f. 10v). The manuscript continues with a piyut for the night of Simchat Torah (f. 12r), with some elements from other piyutim (such as "Hitk&#x323;abtsu malakhim," f. 13v) and  some seen less often (such as "Kamah ma&#x2BB;alot t&#x323;ovot," f. 19v).</marc:subfield>
</marc:datafield>
    <marc:datafield ind1=" " ind2=" " tag="524">
  <marc:subfield code="a">UPenn CAJS Rar Ms 496.</marc:subfield>
</marc:datafield>
    <marc:datafield ind1=" " ind2=" " tag="546">
  <marc:subfield code="a">Hebrew.</marc:subfield>
</marc:datafield>
    <marc:datafield ind1="1" ind2=" " tag="561">
  <marc:subfield code="a">Formerly owned by David Levi (inscription, approximately 1800, f. 1r).</marc:subfield>
</marc:datafield>
    <marc:datafield ind1="1" ind2=" " tag="561">
  <marc:subfield code="a">Presented to The Penn Libraries in 2018 by Joseph and Susan Moldovan (C'76).</marc:subfield>
</marc:datafield>
    <marc:datafield ind1=" " ind2="0" tag="650">
  <marc:subfield code="a">Piyutim.</marc:subfield>
</marc:datafield>
    <marc:datafield ind1=" " ind2="0" tag="650">
  <marc:subfield code="a">Prayers.</marc:subfield>
</marc:datafield>
    <marc:datafield ind1=" " ind2="0" tag="650">
  <marc:subfield code="a">Jews</marc:subfield>
  <marc:subfield code="z">Italy</marc:subfield>
  <marc:subfield code="z">Casale Monferrato</marc:subfield>
  <marc:subfield code="x">History</marc:subfield>
  <marc:subfield code="v">Sources.</marc:subfield>
</marc:datafield>
    <marc:datafield ind1=" " ind2="7" tag="655">
  <marc:subfield code="a">Codices (bound manuscripts)</marc:subfield>
  <marc:subfield code="2">aat</marc:subfield>
</marc:datafield>
    <marc:datafield ind1=" " ind2="7" tag="655">
  <marc:subfield code="a">Prayer books.</marc:subfield>
  <marc:subfield code="2">aat</marc:subfield>
</marc:datafield>
    <marc:datafield ind1=" " ind2="7" tag="655">
  <marc:subfield code="a">Manuscripts, Hebrew</marc:subfield>
  <marc:subfield code="y">17th century.</marc:subfield>
  <marc:subfield code="2">local</marc:subfield>
</marc:datafield>
    <marc:datafield ind1=" " ind2="0" tag="655">
  <marc:subfield code="a">Manuscripts, European.</marc:subfield>
</marc:datafield>
    <marc:datafield ind1="1" ind2=" " tag="700">
  <marc:subfield code="6">880-05</marc:subfield>
  <marc:subfield code="a">Levi, David,</marc:subfield>
  <marc:subfield code="d">active 19th century,</marc:subfield>
  <marc:subfield code="e">former owner.</marc:subfield>
</marc:datafield>
    <marc:datafield ind1=" " ind2=" " tag="852">
  <marc:subfield code="b">Library at the Herbert D. Katz Center for Advanced Judaic Studies</marc:subfield>
  <marc:subfield code="a">University of Pennsylvania</marc:subfield>
  <marc:subfield code="e">420 Walnut Street, Philadelphia, Pennsylvania 19106-3703.</marc:subfield>
  <marc:subfield code="j">CAJS Rar Ms 496</marc:subfield>
</marc:datafield>
    <marc:datafield ind1="1" ind2=" " tag="880">
  <marc:subfield code="6">100-01//r</marc:subfield>
  <marc:subfield code="a">&#x5DC;&#x5D5;&#x5D9;, &#x5D9;&#x5D5;&#x5E1;&#x5E3;,</marc:subfield>
  <marc:subfield code="d">&#x5D4;&#x5DE;&#x5D0;&#x5D4; &#x5D4;-18.</marc:subfield>
</marc:datafield>
    <marc:datafield ind1="1" ind2="0" tag="880">
  <marc:subfield code="6">245-02//r</marc:subfield>
  <marc:subfield code="a">[&#x5E4;&#x5D9;&#x5D5;&#x5D8;&#x5D9;&#x5DD; &#x5DC;&#x5D4;&#x5E9;&#x5E0;&#x5D4;].</marc:subfield>
</marc:datafield>
    <marc:datafield ind1=" " ind2=" " tag="880">
  <marc:subfield code="6">260-03//r</marc:subfield>
  <marc:subfield code="a">[&#x5D0;&#x5D9;&#x5D8;&#x5DC;&#x5D9;&#x5D4;],</marc:subfield>
  <marc:subfield code="c">[1753]</marc:subfield>
</marc:datafield>
    <marc:datafield ind1="0" ind2=" " tag="880">
  <marc:subfield code="6">505-04//r</marc:subfield>
  <marc:subfield code="a">1. f. 1r-11r: [&#x5D9;&#x5D4;&#x5D9; &#x5E8;&#x5E6;&#x5D5;&#x5DF; &#x5DC;&#x5E4;&#x5E0;&#x5D9; &#x5D4;&#x5D7;&#x5D6;&#x5E8;&#x5EA; &#x5E1;&#x5E4;&#x5E8; &#x5EA;&#x5D5;&#x5E8;&#x5D4; &#x5DC;&#x5E9;&#x5D1;&#x5EA; &#x5D5;&#x5D9;&#x5D5;&#x5DD; &#x5D4;&#x5DB;&#x5E4;&#x5D5;&#x5E8;&#x5D9;&#x5DD;] -- 2. f. 12r-21v: [&#x5E4;&#x5D9;&#x5D5;&#x5D8;] &#x5DC;&#x5D9;&#x5DC; &#x5E9;[&#x5DE;&#x5D7;&#x5EA;] &#x5EA;[&#x5D5;&#x5E8;&#x5D4;].</marc:subfield>
</marc:datafield>
    <marc:datafield ind1="1" ind2=" " tag="880">
  <marc:subfield code="6">700-05//r</marc:subfield>
  <marc:subfield code="a">&#x5DC;&#x5D5;&#x5D9;, &#x5D3;&#x5D5;&#x5D3;,</marc:subfield>
  <marc:subfield code="d">&#x5D4;&#x5DE;&#x5D0;&#x5D4; &#x5D4;-19,</marc:subfield>
  <marc:subfield code="e">&#x5D1;&#x5E2;&#x5DC;&#x5D9;&#x5DD; &#x5E7;&#x5D5;&#x5D3;&#x5DE;&#x5D9;&#x5DD;.</marc:subfield>
</marc:datafield>
    <marc:datafield ind1=" " ind2=" " tag="948">
  <marc:subfield code="h">HELD BY PAU - 0 OTHER HOLDINGS</marc:subfield>
</marc:datafield>
    <marc:datafield ind1=" " ind2=" " tag="994">
  <marc:subfield code="a">Z0</marc:subfield>
  <marc:subfield code="b">PAU</marc:subfield>
</marc:datafield>
    <marc:datafield ind1=" " ind2=" " tag="996">
  <marc:subfield code="a">hinge-right</marc:subfield>
</marc:datafield>
    <marc:holdings>
      <marc:holding>
        <marc:holding_id>22586461190003681</marc:holding_id>
        <marc:call_number>CAJS Rar Ms 496</marc:call_number>
        <marc:library>KatzLib</marc:library>
        <marc:location>cjsrarms</marc:location>
      </marc:holding>
    </marc:holdings>
  </marc:record>
</marc:records>
